%
%  An example of a bibliographical database for bibTeX
%
%  Recommended software for maintenance of *.bib files:
%    JabRef, http://jabref.sourceforge.net/
%
%  BEWARE:
%
%    *  If a name contains a capital letter, which must be kept such,
%       use curly brackets ({T}hailand, {HIV}).
%
%  ===========================================================================

@online{fcl,
	author = {Lander, Rich},
	title = {Framework Libraries},
	maintitle = {Microsoft Docs .NET Guide},
	date = {2016-06-20},
	url = {https://docs.microsoft.com/en-us/dotnet/standard/framework-libraries},
	urldate = {2018-04-11}
}